<?xml version="1.0" encoding="UTF-8"?><collection xmlns="http://www.loc.gov/MARC21/slim"><record><leader>00553nam--2200181-i-4500</leader><controlfield tag="001">000043453</controlfield><controlfield tag="002">20161230</controlfield><controlfield tag="005">20161230201044</controlfield><controlfield tag="008">060222s1000------------r-----000-0-fre-d</controlfield><datafield ind1=" " ind2=" " tag="040"><subfield code="a">IFIN-HH</subfield></datafield><datafield ind1=" " ind2=" " tag="041"><subfield code="a">fre</subfield></datafield><datafield ind1=" " ind2=" " tag="080"><subfield code="a">539.171.017(043)</subfield></datafield><datafield ind1="1" ind2=" " tag="100"><subfield code="a">Sztark,Henri</subfield></datafield><datafield ind1="1" ind2="0" tag="245"><subfield code="a">Contribution a l`etude des reactions de transfer induites par ions lourds. problemes de potentiel optique et d`excitation du coeur</subfield><subfield code="b">These</subfield><subfield code="c">Henri sztark</subfield></datafield><datafield ind1=" " ind2=" " tag="260"><subfield code="a">Paris</subfield><subfield code="b">Universite</subfield><subfield code="c">1975</subfield></datafield><datafield ind1=" " ind2=" " tag="300"><subfield code="a">131 P</subfield></datafield><datafield ind1=" " ind2=" " tag="852"><subfield code="a">48641</subfield><subfield code="c">539.17</subfield></datafield><datafield ind1=" " ind2=" " tag="CAT"><subfield code="a">Sys</subfield><subfield code="c">20120619</subfield><subfield code="h">131704</subfield></datafield></record></collection>